% Encoding: windows-1252


@String { i-d          = {Internet Draft} }

@String{ietf         = {IETF}}
@String{irtf         = {IRTF}}
@String { jour-acmccr  = {ACM SIGCOMM Computer Communication Review} }
@String { jour-ccr     = {Computer Communication Review} }
@String{jour-ton     = {IEEE/ACM ToN}}
@String { proc-infocom = {Proc. IEEE Conference on Computer Communications} }
@String{proc-nsdi    = {Proc. USENIX Symposium on Networked Systems Design and Implementation}}
@String { proc-pfldnet = {Proc. Int'l Wkshp on Protocols for Future, Large-scale \& Diverse Network Transports} }
@String { proc-sigcomm = {Proc. ACM SIGCOMM} }
@String{rfc          = {RFC}}
@String { rfc-editor   = {RFC Editor} }

@TechReport{rfc3168,
  Title                    = {{The Addition of Explicit Congestion Notification (ECN) to IP}{}},
  Author                   = {K. K. Ramakrishnan and Sally Floyd and David Black},
  Institution              = rfc-editor,
  Year                     = {2001},
  Month                    = sep,
  Number                   = {3168},
  Type                     = rfc,

  Keywords                 = {Data Communication, Networks, Internet, Security, Quality of Service, QoS, Congestion Control, Rate Control, Architecture, Protocols, Signalling, Standards},
  Owner                    = {RJB},
  Timestamp                = {2001.09.30},
  Url                      = {\href{http://www.ietf.org/rfc/rfc3168.txt}{rfc3168.txt}}
}

@TechReport{Briscoe14d:accecn_ID,
  author        = {Bob Briscoe and Mirja K\"uhlewind and Richard Scheffenegger},
  title         = {{More Accurate ECN Feedback in TCP}{}},
  institution   = ietf,
  year          = {2023},
  type          = i-d,
  number        = {draft-ietf-tcpm-accurate-ecn-28},
  month         = nov,
  note          = {(Work in Progress)},
  __markedentry = {[RJB:1]},
  abstract-url  = {\url{http://tools.ietf.org/wg/tcpm/}, \url{http://www.bobbriscoe.net/pubs.html#accecn}},
  affiliation   = {1: Independent; 2: Ericsson; 3: NetApp},
  keywords      = {Data Communication, Networks, Internet, Security, Quality of Service, QoS, Congestion Control, Rate Control, Architecture, Protocols, Signalling, Standards},
  owner         = {RJB},
  timestamp     = {2013.02.13},
  url           = {https://datatracker.ietf.org/doc/html/draft-ietf-tcpm-accurate-ecn},
}

@TechReport{Briscoe07b:ECN-tunnel,
  author       = {Bob Briscoe},
  title        = {{Tunnelling of Explicit Congestion Notification}{}},
  institution  = rfc-editor,
  year         = {2010},
  type         = rfc,
  number       = {6040},
  month        = nov,
  abstract-url = {URL: \url{http://www.bobbriscoe.net/pubs.html#ecn-tunnel}},
  issn         = {2070-1721},
  keywords     = {Data Communication, Networks, Internet, Architecture, Control, Congestion, QoS, Explicit Notification, Layering, Tunnels, Encapsulation, Security, Covert Channel, Management, Monitoring, Protocol Engineering},
  owner        = {RJB},
  timestamp    = {2007.09.01},
  url          = {URL: \href{http://www.ietf.org/rfc/rfc6040.txt}{rfc6040.txt}},
}

@TechReport{IETF_RFC4301:IPSEC_architecture,
  author      = {Stephen Kent and Karen Seo},
  title       = {{Security Architecture for the Internet Protocol}{}},
  institution = rfc-editor,
  year        = {2005},
  type        = rfc,
  number      = {4301},
  month       = dec,
  keywords    = {Data Communication, Networks, Internet, Security, Authentication, Encryption, Privacy, Access Control, Key Management, Framework, Architecture, Standards},
  owner       = {RJB},
  timestamp   = {2010.11.29},
  url         = {\href{http://www.ietf.org/rfc/rfc4301.txt}{rfc4301.txt}},
}

@TechReport{Iyengar21:QUIC,
  author      = {Jana Iyengar and Martin Thomson},
  title       = {{QUIC: A UDP-Based Multiplexed and Secure Transport}{}},
  institution = rfc-editor,
  year        = {2021},
  type        = rfc,
  number      = {rfc9000},
  month       = may,
  doi         = {10.17487/RFC9000},
  owner       = {RJB},
  timestamp   = {2015.08.20},
}

@Comment{jabref-meta: databaseType:bibtex;}
